@inproceedings{allamanis_suggesting_method_class_names_2015,
	location = {Bergamo, Italy},
	title = {Suggesting Accurate Method and Class Names},
	isbn = {978-1-4503-3675-8},
	url = {https://dl-acm-org.proxy.uba.uva.nl/doi/abs/10.1145/2786805.2786849},
	eventtitle = {{ESEC}/{FSE}'15: Joint Meeting of the European Software Engineering Conference and the {ACM} {SIGSOFT} Symposium on the Foundations of Software Engineering},
	pages = {38--49},
	booktitle = {Proceedings of the 2015 10th Joint Meeting on Foundations of Software Engineering},
	author = {Allamanis, Miltiadis and {Barr, Earl T.} and {Bird, Christian} and {Sutton, Charles}},
	urldate = {2024-08-17},
	date = {2015},
	keywords = {Names, Naming}
}

@online{published_what_2015,
	title = {What it's like to be a man named Taylor Swift},
	url = {https://theweek.com/speedreads/587469/what-like-man-named-taylor-swift},
	abstract = {The latest Speed Read,/speed-reads,,speed-reads, breaking news, comment, reviews and features from the experts at The Week},
	titleaddon = {theweek},
	author = {published, Lauren Hansen},
	urldate = {2024-08-16},
	date = {2015-11-06},
	langid = {english},
	keywords = {names, NERD}
}

@online{schonfeld_named_taylor_swift_2014,
	title = {What It's Like to Be Named Taylor Swift in 2014},
	url = {https://www.newsweek.com/two-people-named-taylor-swift-talk-about-being-named-taylor-swift-age-taylor-283861},
	titleaddon = {Newsweek},
	author = {Schonfeld, Zach},
	urldate = {2024-08-16},
	date = {2014-11-13},
	keywords = {names, NERD}
}

@article{hartman_why_2013,
	title = {Why Arenâ€™t There More John Smiths in the U.S.?},
	issn = {1091-2339},
	url = {https://slate.com/human-interest/2013/11/john-smith-why-dont-more-americans-have-this-most-common-name.html},
	abstract = {More than 7,000 people named John Smith are missing. Where did they go?},
	journaltitle = {Slate},
	author = {Hartman, Lee},
	urldate = {2024-08-17},
	date = {2013-11-04},
	langid = {american},
	note = {Section: Slate Labs},
	keywords = {names, NERD}
}

@misc{lee_john_smith_et_al],
	title = {John Smith et al.: Some observations on how the 20 most popular first names combine with the 20 most popular surnames in the United States},
	url = {https://web.archive.org/web/20190225042148/http://mypage.siu.edu/lhartman/johnsmith.html},
	author = {Hartman, Lee},
	urldate = {2024-08-16},
	keywords = {names, NERD}
}
