
@misc{berners-lee_semantic_2001,
	title = {The semantic Web},
	rights = {Copyright Scientific American, Incorporated May 2001},
	abstract = {By augmenting Web pages with data targeted at computers and by adding documents solely for computers, the Web can be transformed in to the Semantic Web. Computers will find the meaning of semantic data by following hyperlinks to definitions of key terms and rules for reasoning about them logically, and the resulting infrastructure will spur the development of automated Web services such as highly functional agents.},
	publisher = {Scientific American, Incorporated},
	author = {Berners-Lee, Tim and Hendler, James and Lassila, Ora},
	date = {2001},
	note = {{ISSN}: 0036-8733
Issue: 5
Pages: 35-
Place: New York
Publication Title: Scientific American
Volume: 284},
	keywords = {Computer programming, Computers, Educational technology, Insurance, Interactive multimedia, Logic, Physical therapy, Physicians, Rating agencies (Finance), Semantic Web, Semantics, Semiotics, Software, World Wide Web},
}
